%YAML 1.1
%TAG !u! tag:unity3d.com,2011:
--- !u!1 &2959075954233593145
GameObject:
  m_ObjectHideFlags: 0
  m_CorrespondingSourceObject: {fileID: 0}
  m_PrefabInstance: {fileID: 0}
  m_PrefabAsset: {fileID: 0}
  serializedVersion: 6
  m_Component:
  - component: {fileID: 3658231007386613258}
  m_Layer: 0
  m_Name: Bounds
  m_TagString: Untagged
  m_Icon: {fileID: 0}
  m_NavMeshLayer: 0
  m_StaticEditorFlags: 0
  m_IsActive: 1
--- !u!4 &3658231007386613258
Transform:
  m_ObjectHideFlags: 0
  m_CorrespondingSourceObject: {fileID: 0}
  m_PrefabInstance: {fileID: 0}
  m_PrefabAsset: {fileID: 0}
  m_GameObject: {fileID: 2959075954233593145}
  m_LocalRotation: {x: 0, y: 0, z: 0, w: 1}
  m_LocalPosition: {x: 0, y: 0, z: 0}
  m_LocalScale: {x: 1, y: 1, z: 1}
  m_Children: []
  m_Father: {fileID: 8115769348848675524}
  m_RootOrder: 1
  m_LocalEulerAnglesHint: {x: 0, y: 0, z: 0}
--- !u!1 &7082086269380021051
GameObject:
  m_ObjectHideFlags: 0
  m_CorrespondingSourceObject: {fileID: 0}
  m_PrefabInstance: {fileID: 0}
  m_PrefabAsset: {fileID: 0}
  serializedVersion: 6
  m_Component:
  - component: {fileID: 8115769348848675524}
  - component: {fileID: 5595243760641272319}
  - component: {fileID: 6727893934418092856}
  - component: {fileID: 5434055752223676352}
  m_Layer: 0
  m_Name: DragSituatorHandler
  m_TagString: Untagged
  m_Icon: {fileID: 0}
  m_NavMeshLayer: 0
  m_StaticEditorFlags: 0
  m_IsActive: 1
--- !u!4 &8115769348848675524
Transform:
  m_ObjectHideFlags: 0
  m_CorrespondingSourceObject: {fileID: 0}
  m_PrefabInstance: {fileID: 0}
  m_PrefabAsset: {fileID: 0}
  m_GameObject: {fileID: 7082086269380021051}
  m_LocalRotation: {x: 0, y: 0, z: 0, w: 1}
  m_LocalPosition: {x: -1.7026062, y: 0.102821365, z: -0.8786974}
  m_LocalScale: {x: 1, y: 1, z: 1}
  m_Children:
  - {fileID: 4472442459390627003}
  - {fileID: 3658231007386613258}
  m_Father: {fileID: 0}
  m_RootOrder: 0
  m_LocalEulerAnglesHint: {x: 0, y: 90.00001, z: 0}
--- !u!114 &5595243760641272319
MonoBehaviour:
  m_ObjectHideFlags: 0
  m_CorrespondingSourceObject: {fileID: 0}
  m_PrefabInstance: {fileID: 0}
  m_PrefabAsset: {fileID: 0}
  m_GameObject: {fileID: 7082086269380021051}
  m_Enabled: 1
  m_EditorHideFlags: 0
  m_Script: {fileID: 11500000, guid: 80d68ac0733f27248bb6dbf6b7c8b8cd, type: 3}
  m_Name: 
  m_EditorClassIdentifier: 
  _parser: {fileID: 0}
  _planeHeightReference: {fileID: 4472442459390627003}
  _pivot: {fileID: 4472442459390627003}
  _ignoreGameObjects: []
  _checkDraggableLayer:
    serializedVersion: 2
    m_Bits: 4294967295
  _snap: 0.05
  _cutSpace: 0.05
--- !u!114 &6727893934418092856
MonoBehaviour:
  m_ObjectHideFlags: 0
  m_CorrespondingSourceObject: {fileID: 0}
  m_PrefabInstance: {fileID: 0}
  m_PrefabAsset: {fileID: 0}
  m_GameObject: {fileID: 7082086269380021051}
  m_Enabled: 1
  m_EditorHideFlags: 0
  m_Script: {fileID: 11500000, guid: 663a77f2dc1d3c348971d9e9371dffb9, type: 3}
  m_Name: 
  m_EditorClassIdentifier: 
  _parser: {fileID: 0}
  _moveComponent: {fileID: 5595243760641272319}
  _draggables: []
  _bounds: []
  _evaluateInside: 0
  _generateOnStart: 0
--- !u!114 &5434055752223676352
MonoBehaviour:
  m_ObjectHideFlags: 0
  m_CorrespondingSourceObject: {fileID: 0}
  m_PrefabInstance: {fileID: 0}
  m_PrefabAsset: {fileID: 0}
  m_GameObject: {fileID: 7082086269380021051}
  m_Enabled: 1
  m_EditorHideFlags: 0
  m_Script: {fileID: 11500000, guid: 27f748992f4002e40ba3a9248f2756c7, type: 3}
  m_Name: 
  m_EditorClassIdentifier: 
  _drawTest: []
--- !u!1 &8474690506521980017
GameObject:
  m_ObjectHideFlags: 0
  m_CorrespondingSourceObject: {fileID: 0}
  m_PrefabInstance: {fileID: 0}
  m_PrefabAsset: {fileID: 0}
  serializedVersion: 6
  m_Component:
  - component: {fileID: 4472442459390627003}
  m_Layer: 11
  m_Name: PlaneHeightReference
  m_TagString: Untagged
  m_Icon: {fileID: 0}
  m_NavMeshLayer: 0
  m_StaticEditorFlags: 0
  m_IsActive: 1
--- !u!4 &4472442459390627003
Transform:
  m_ObjectHideFlags: 0
  m_CorrespondingSourceObject: {fileID: 0}
  m_PrefabInstance: {fileID: 0}
  m_PrefabAsset: {fileID: 0}
  m_GameObject: {fileID: 8474690506521980017}
  m_LocalRotation: {x: -0, y: -0, z: -0, w: 1}
  m_LocalPosition: {x: 0, y: 0, z: 0}
  m_LocalScale: {x: 1, y: 1, z: 1}
  m_Children: []
  m_Father: {fileID: 8115769348848675524}
  m_RootOrder: 0
  m_LocalEulerAnglesHint: {x: 0, y: 0, z: 0}
